<?xml version="1.0" encoding="UTF-8"?>
<record xmlns="http://www.loc.gov/MARC21/slim" xmlns:xsi="http://www.w3.org/2001/XMLSchema-instance" xsi:schemaLocation="http://www.loc.gov/MARC21/slim http://www.loc.gov/standards/marcxml/schema/MARC21slim.xsd">
<leader>00000nam a2200337   4500</leader>
<controlfield tag="001">001696939</controlfield>
<controlfield tag="003">NNU</controlfield>
<controlfield tag="005">20130930135203.0</controlfield>
<controlfield tag="008">010123s1952    ua c     b    110 0 arao</controlfield>
<datafield tag="010" ind1=" " ind2=" ">
<subfield code="a">59050949</subfield>
</datafield>
<datafield tag="035" ind1="9" ind2=" ">
<subfield code="a">NYUb12243977</subfield>
</datafield>
<datafield tag="035" ind1=" " ind2=" ">
<subfield code="a">(CStRLIN)NYUG01-B428</subfield>
</datafield>
<datafield tag="040" ind1=" " ind2=" ">
<subfield code="c">NNC</subfield>
<subfield code="d">NNC</subfield>
<subfield code="d">CtY</subfield>
<subfield code="d">NNU</subfield>
</datafield>
<datafield tag="041" ind1="0" ind2=" ">
<subfield code="a">araengfre</subfield>
</datafield>
<datafield tag="066" ind1=" " ind2=" ">
<subfield code="c">(3</subfield>
</datafield>
<datafield tag="090" ind1=" " ind2=" ">
<subfield code="a">B751.Z7</subfield>
<subfield code="b">L3</subfield>
</datafield>
<datafield tag="111" ind1="2" ind2=" ">
<subfield code="a">Mihrajān al-Alfī li-Dhikrʹa Ibn Sīnā,</subfield>
<subfield code="d">(1952 :</subfield>
<subfield code="c">Baghdad, Iraq)</subfield>
<subfield code="6">880-01</subfield>
</datafield>
<datafield tag="245" ind1="1" ind2="3">
<subfield code="6">880-02</subfield>
<subfield code="a">al-Kitāb al-dhahabī lil-Mihrajān al-Alfī li-Dhikrá Ibn Sīnā, Baghdād, min 20 ilá 28 Mārs 1952.</subfield>
</datafield>
<datafield tag="246" ind1="1" ind2="5">
<subfield code="i">Title on added t. p.:</subfield>
<subfield code="a">Millénaire d'Avicenne : congrès de Bagdad, 20-28 mars 1952</subfield>
</datafield>
<datafield tag="246" ind1="3" ind2=" ">
<subfield code="a">Millénaire d'Avicenne</subfield>
</datafield>
<datafield tag="246" ind1="3" ind2=" ">
<subfield code="a">Kitāb al-dhahabī lil-Mahrajān al-Alfī li-Dhikrʹa Ibn Sīnā</subfield>
</datafield>
<datafield tag="260" ind1=" " ind2=" ">
<subfield code="6">880-03</subfield>
<subfield code="a">al-Qāhirah :</subfield>
<subfield code="b">Maṭbaʻat Miṣr,</subfield>
<subfield code="c">1952.</subfield>
</datafield>
<datafield tag="300" ind1=" " ind2=" ">
<subfield code="a">463 p.; vi, 69 p. :</subfield>
<subfield code="b">ports.</subfield>
</datafield>
<datafield tag="500" ind1=" " ind2=" ">
<subfield code="a">At head of title: Jāmiʻat al-Duwal al-ʻArabīyah. al-Idārah al-Thaqāfīyah.</subfield>
</datafield>
<datafield tag="504" ind1=" " ind2=" ">
<subfield code="a">Includes bibliographical references.</subfield>
</datafield>
<datafield tag="546" ind1=" " ind2=" ">
<subfield code="a">Contributions in Arabic, French and English.</subfield>
</datafield>
<datafield tag="600" ind1="0" ind2="0">
<subfield code="a">Avicenna,</subfield>
<subfield code="d">980-1037</subfield>
<subfield code="v">Congresses.</subfield>
</datafield>
<datafield tag="710" ind1="2" ind2=" ">
<subfield code="a">League of Arab States.</subfield>
<subfield code="b">Idārah al-Thaqāfīyah.</subfield>
</datafield>
<datafield tag="880" ind1="2" ind2=" ">
<subfield code="6">111-01/</subfield>
<subfield code="a">مهرجان الالفى لدكرى ابن سينا.</subfield>
</datafield>
<datafield tag="880" ind1="1" ind2="0">
<subfield code="6">245-02/</subfield>
<subfield code="a">الكتاب الذهبى للمهرجان الالفى لذكرى ابن سينا، ببغداد من ٢٠ الى ٢٨ مارس ١٩٥٢.</subfield>
</datafield>
<datafield tag="880" ind1=" " ind2=" ">
<subfield code="6">260-03/</subfield>
<subfield code="a">القاهره :</subfield>
<subfield code="b">مطبعة مصر،</subfield>
<subfield code="c">١٩٥٢.</subfield>
</datafield>
<datafield tag="OWN" ind1=" " ind2=" ">
<subfield code="a">GENERAL</subfield>
</datafield>
<datafield tag="AVA" ind1=" " ind2=" ">
<subfield code="a">NYU50</subfield>
<subfield code="b">BOBST</subfield>
<subfield code="c">Main Collection</subfield>
<subfield code="d">B751.Z7 L3</subfield>
<subfield code="e">unavailable</subfield>
<subfield code="t">Unavailable</subfield>
<subfield code="f">1</subfield>
<subfield code="g">1</subfield>
<subfield code="h">N</subfield>
<subfield code="i">0</subfield>
<subfield code="j">MAIN</subfield>
</datafield>
</record>
